@article{NELSON2009345,
title = {Fitness functions in evolutionary robotics: A survey and analysis},
journal = {Robotics and Autonomous Systems},
volume = {57},
number = {4},
pages = {345-370},
year = {2009},
issn = {0921-8890},
doi = {https://doi.org/10.1016/j.robot.2008.09.009},
url = {https://www.sciencedirect.com/science/article/pii/S0921889008001450},
author = {Andrew L. Nelson and Gregory J. Barlow and Lefteris Doitsidis}
}

% Contains content about, what an evolutionary algorithm is, and different 
% classes of fitness functions.
